@article{zanero2005automatic,
  title={Automatic detection of web application security flaws},
  author={Zanero, Stefano and Carettoni, Luca and Zanchetta, Manuel},
  journal={Black Hat Briefings},
  year={2005}
}

@inproceedings{franklin2007inquiry,
  title={An inquiry into the nature and causes of the wealth of internet miscreants.},
  author={Franklin, Jason and Perrig, Adrian and Paxson, Vern and Savage, Stefan},
  booktitle={ACM conference on Computer and communications security},
  pages={375--388},
  year={2007}
} --> This is very good for us.

@inproceedings{pietraszek2005defending,
  title={Defending against injection attacks through context-sensitive string evaluation},
  author={Pietraszek, Tadeusz and Berghe, Chris Vanden},
  booktitle={Recent Advances in Intrusion Detection},
  pages={124--145},
  year={2005},
  organization={Springer}
}